<?xml version="1.0" encoding="UTF-8"?><marc:record xmlns:marc="http://www.loc.gov/MARC21/slim" xmlns:xsi="http://www.w3.org/2001/XMLSchema-instance" xsi:schemaLocation="http://www.loc.gov/MARC21/slim http://www.loc.gov/standards/marcxml/schema/MARC21slim.xsd">
<marc:leader>00892nam a22001817a 4500</marc:leader>
<marc:controlfield tag="001">161469</marc:controlfield>
<marc:controlfield tag="003">NL-AMISG</marc:controlfield>
<marc:controlfield tag="005">19950210234845.0</marc:controlfield>
<marc:controlfield tag="008">199502suuuuuuuuxx |||||||||||||||||und d</marc:controlfield>
<marc:datafield ind1=" " ind2=" " tag="035">
<marc:subfield code="a">(IISG)IISGb10039008</marc:subfield>
</marc:datafield>
<marc:datafield ind1=" " ind2=" " tag="040">
<marc:subfield code="a">NL-AmISG</marc:subfield>
</marc:datafield>
<marc:datafield ind1="1" ind2=" " tag="100"><marc:subfield code="a">Adams, Randolph G.</marc:subfield><marc:subfield code="0">(NL-AMISG)3093</marc:subfield></marc:datafield>
<marc:datafield ind1="1" ind2="0" tag="245"><marc:subfield code="a">Political ideas of the american revolution. Britannic-American contributions to the problem of imperial organization 1765 to 1775. With commentary by M. Jensen.</marc:subfield></marc:datafield>
<marc:datafield ind1=" " ind2=" " tag="250">
<marc:subfield code="a">3rd ed.</marc:subfield>
</marc:datafield>
<marc:datafield ind1=" " ind2=" " tag="260">
<marc:subfield code="a">New York :</marc:subfield>
<marc:subfield code="b">Barnes &amp; Noble,</marc:subfield>
<marc:subfield code="c">[1958]</marc:subfield>
</marc:datafield>
<marc:datafield ind1=" " ind2=" " tag="300">
<marc:subfield code="a">VIII, 216 p.</marc:subfield>
</marc:datafield>
<marc:datafield ind1=" " ind2=" " tag="500">
<marc:subfield code="a">With bibliogr., graph., ill. and index.</marc:subfield>
</marc:datafield>
<marc:datafield ind1=" " ind2=" " tag="690">
<marc:subfield code="a">US 7</marc:subfield>
<marc:subfield code="b">United States of America; political and social history; 1776 - 1861; general surveys 1775 - 1862, general surveys 1775 -, the American Revolution, various subjects</marc:subfield>
<marc:subfield code="c">Verenigde Staten; politieke en sociale geschiedenis; van revolutie tot burgeroorlog; algemeen 1775 - 1862, overzichten eind 18e eeuw tot heden, revolutie, varia.</marc:subfield>
</marc:datafield>
<marc:datafield ind1="1" ind2=" " tag="700"><marc:subfield code="a">Jensen, M.</marc:subfield><marc:subfield code="0">(NL-AMISG)425883</marc:subfield></marc:datafield>
<marc:datafield ind1="4" ind2=" " tag="852">
<marc:subfield code="a">IISG</marc:subfield>
<marc:subfield code="b">IISG</marc:subfield>
<marc:subfield code="c">IISG</marc:subfield>
<marc:subfield code="j">US 7/58</marc:subfield>
<marc:subfield code="n">Available</marc:subfield>
<marc:subfield code="p">N10038710</marc:subfield>
</marc:datafield>
<marc:datafield ind1=" " ind2=" " tag="901">
<marc:subfield code="a">161469</marc:subfield>
<marc:subfield code="b">Unknown</marc:subfield>
<marc:subfield code="c">161469</marc:subfield>
<marc:subfield code="t">biblio</marc:subfield>
</marc:datafield>
<marc:datafield ind1=" " ind2=" " tag="902">
<marc:subfield code="a">10622/8153C653-38CD-4B27-8303-857B87735C72</marc:subfield>
</marc:datafield></marc:record>